@misc{rmi,
  title = {Java RMI},
  howpublished = {\url{https://docs.oracle.com/javase/tutorial/rmi/}},
  note = {Accessed: February 2015}
}

@misc{BSD new,
  title = {BSD new},
  howpublished = {\url{http://opensource.org/licenses/BSD-3-Clause}},
  note = {Accessed: April 2015}
}

@book{tanenbaum2007distributed,
  title={Distributed systems, Principles and Paradgims},
  author={Tanenbaum, Andrew and Van Steen, Maarten},
  edition={second}
  publisher={Pearson Prentice Hall}
}